@proceedings{conf/csfw/2004,
  title     = {17th IEEE Computer Security Foundations Workshop, (CSFW-17 2004),
               28-30 June 2004, Pacific Grove, CA, USA},
  booktitle = {CSFW},
  publisher = {IEEE Computer Society},
  year      = {2004},
  isbn      = {0-7695-2169-X},
  bibsource = {DBLP, http://dblp.uni-trier.de}
}

@Article{journals/joc/Chaum88,
  title =   "The Dining Cryptographers Problem: Unconditional
         Sender and Recipient Untraceability",
  author =  "David Chaum",
  journal = "J. Cryptology",
  year =    "1988",
  number =  "1",
  volume =  "1",
  bibdate = "2003-12-01",
  bibsource =   "DBLP,
         http://dblp.uni-trier.de/db/journals/joc/joc1.html#Chaum88",
  pages =   "65--75",
}

@Article{CanKusLin06,
  author =  "Canetti and Kushilevitz and Lindell",
  title =   "On the Limitations of Universally Composable Two-Party
         Computation Without Set-Up Assumptions",
  journal = "JCRYPTOL: Journal of Cryptology",
  volume =  "19",
  year =    "2006",
}

@phdthesis{Walfish:2008:ESM:1467461,
 author = {Walfish, Shabsi},
 advisor = {Dodis, Yevgeniy},
 title = {Enhanced security models for network protocols},
 year = {2008},
 isbn = {978-0-549-58313-4},
 note = {AAI3310580},
 publisher = {New York University},
 address = {New York, NY, USA},
} 

@InProceedings{ conf/uss/DingledineMS04,
	title = "Tor: The Second-Generation Onion Router",
	author = "Roger Dingledine and Nick Mathewson and Paul F. Syverson",
	publisher = "USENIX",
	year = "2004",
	bibdate = "2004-11-26",
	bibsource = "DBLP, http://dblp.uni-trier.de/db/conf/uss/uss2004.html\\\\\#DingledineMS04",
	booktitle = "USENIX Security Symposium",
	crossref = "conf/uss/2004",
	pages = "303--320",
	URL = "http://www.usenix.org/publications/library/proceedings/sec04/tech/dingledine.html"
}

@Misc{ cryptoeprint:2006:465,
	author = "Ran Canetti",
	title = "Security and Composition of Cryptographic Protocols: A Tutorial",
	howpublished = "Cryptology ePrint Archive, Report 2006/465",
	year = "2006",
	url = "http://eprint.iacr.org/"
}

@InProceedings{ conf/focs/Canetti01,
	title = "Universally Composable Security: {A} New Paradigm for Cryptographic Protocols",
	author = "Ran Canetti",
	year = "2001",
	bibdate = "2002-05-15",
	bibsource = "DBLP, http://dblp.uni-trier.de/db/conf/focs/focs2001.html\\\\\#Canetti01",
	booktitle = "FOCS",
	pages = "136--145"
}

@InProceedings{ conf/tcc/CanettiDPW07,
	title = "Universally Composable Security with Global Setup",
	author = "Ran Canetti and Yevgeniy Dodis and Rafael Pass and Shabsi Walfish",
	bibdate = "2007-05-21",
	bibsource = "DBLP, http://dblp.uni-trier.de/db/conf/tcc/tcc2007.html\\\\\#CanettiDPW07",
	booktitle = "TCC",
	booktitle1 = "Theory of Cryptography, 4th Theory of Cryptography Conference, {TCC} 2007, Amsterdam, The Netherlands, February 21-24, 2007, Proceedings",
	publisher = "Springer",
	year = "2007",
	volume = "4392",
	editor = "Salil P. Vadhan",
	ISBN = "3-540-70935-5",
	pages = "61--85",
	series = "Lecture Notes in Computer Science",
	URL = "http://dx.doi.org/10.1007/978-3-540-70936-7_4"
}

@Article{ journals/cacm/Chaum81,
	title = "Untraceable Electronic Mail, Return Addresses, and Digital Pseudonyms",
	author = "David Chaum",
	journal = "Commun. ACM",
	year = "1981",
	number = "2",
	volume = "24",
	bibdate = "2003-11-20",
	bibsource = "DBLP, http://dblp.uni-trier.de/db/journals/cacm/cacm24.html\\\\\#Chaum81",
	pages = "84--88"
}

@Article{ DwoNaoSah04,
	author = "Dwork and Naor and Sahai",
	title = "Concurrent Zero-Knowledge",
	journal = "JACM: Journal of the ACM",
	volume = "51",
	year = "2004"
}

@Article{ 10.1109/CSF.2010.14,
	author = "Gilles Barthe and Alejandro Hevia and Zhengqin Luo and Tamara Rezk and Bogdan Warinschi",
	title = "Robustness Guarantees for Anonymity",
	journal = "Computer Security Foundations Symposium, IEEE",
	volume = "0",
	isbn = "978-0-7695-4082-5",
	year = "2010",
	pages = "91--106",
	doi = "http://doi.ieeecomputersociety.org/10.1109/CSF.2010.14",
	publisher = "IEEE Computer Society",
	address = "Los Alamitos, CA, USA"
}

@InProceedings{ GolJue04,
	author = "Golle and Juels",
	title = "Dining Cryptographers Revisited",
	booktitle = "EUROCRYPT: Advances in Cryptology: Proceedings of EUROCRYPT",
	year = "2004"
}

@InProceedings{ conf/pet/HeviaM08,
	title = "An Indistinguishability-Based Characterization of Anonymous Channels",
	author = "Alejandro Hevia and Daniele Micciancio",
	bibdate = "2008-08-12",
	bibsource = "DBLP, http://dblp.uni-trier.de/db/conf/pet/pets2008.html\\\\\#HeviaM08",
	booktitle = "Privacy Enhancing Technologies",
	booktitle1 = "Privacy Enhancing Technologies, 8th International Symposium, {PETS} 2008, Leuven, Belgium, July 23-25, 2008, Proceedings",
	publisher = "Springer",
	year = "2008",
	volume = "5134",
	editor = "Nikita Borisov and Ian Goldberg",
	ISBN = "978-3-540-70629-8",
	pages = "24--43",
	series = "Lecture Notes in Computer Science",
	URL = "http://dx.doi.org/10.1007/978-3-540-70630-4_3"
}

@Article{ journals/joc/RaimondoG09,
	title = "New Approaches for Deniable Authentication",
	author = "Mario Di Raimondo and Rosario Gennaro",
	journal = "J. Cryptology",
	year = "2009",
	number = "4",
	volume = "22",
	bibdate = "2009-12-15",
	bibsource = "DBLP, http://dblp.uni-trier.de/db/journals/joc/joc22.html\\\\\#RaimondoG09",
	pages = "572--615",
	URL = "http://dx.doi.org/10.1007/s00145-009-9044-3"
}

@Article{ ReiRub98,
	author = "Reiter and Rubin",
	title = "Crowds: Anonymity for Web Transactions",
	journal = "ACMTISS: ACM Transactions on Information and System Security",
	volume = "1",
	year = "1998"
}

@InProceedings{ WikGro06,
	author = "Wikstrom and Groth",
	title = "An Adaptively Secure Mix-Net Without Erasures",
	booktitle = "ICALP: Annual International Colloquium on Automata, Languages and Programming",
	year = "2006"
}

@InProceedings{ CanettiEtAl97,
	author = "Canetti and Dwork and Naor and Ostrovsky",
	title = "Deniable Encryption",
	booktitle = "CRYPTO: Proceedings of Crypto",
	year = "1997"
}

@Article{ Damgaard:1999:CSZ,
	author = "Ivan Damgaard and Jesper Buus Nielsen",
	title = "Commitment Schemes and Zero-Knowledge Protocols",
	journal = "http://www.daimi.au.dk/\%7Eivan/ComZK08.pdf"
}

@InProceedings{ GolleEtAl04,
	author = "Golle and Jakobsson and Juels and Syverson",
	title = "Universal Re-encryption for Mixnets",
	booktitle = "CTRSA: CT-RSA, The Cryptographers' Track at RSA Conference, LNCS",
	year = "2004"
}

@InProceedings{ Wikstrom04a,
	author = "Wikstrom",
	title = "A Universally Composable Mix-Net",
	booktitle = "Theory of Cryptography Conference (TCC), LNCS",
	volume = "1",
	year = "2004"
}

@InProceedings{ conf/ev/ShermanCCCEHMPRSSV10,
	title = "Scantegrity Mock Election at Takoma Park",
	author = "Alan T. Sherman and Richard Carback and David Chaum and Jeremy Clark and Aleksander Essex and Paul S. Herrnson and Travis Mayberry and Stefan Popoveniuc and Ronald L. Rivest and Emily Shen and Bimal Sinha and Poorvi L. Vora",
	bibdate = "2010-07-09",
	bibsource = "DBLP, http://dblp.uni-trier.de/db/conf/ev/ev2010.html\#ShermanCCCEHMPRSSV10",
	booktitle = "Electronic Voting",
	booktitle1 = {Electronic Voting 2010, {EVOTE} 2010, 4th International Conference, Co-organized by Council of Europe, Gesellschaft f{\"u}r Informatik and {E}-Voting.{CC}, July 21st - 24th, 2010, in Castle Hofen, Bregenz, Austria},
	publisher = "GI",
	year = "2010",
	volume = "167",
	editor = {Robert Krimmer and R{\"u}diger Grimm},
	ISBN = "978-3-88579-261-1",
	pages = "45--61",
	series = "LNI"
}
@InProceedings{mnCompleto,
  title = "Paper completo Wikstrom"}

@InProceedings{conf/csfw/Canetti04,
  title =   "Universally Composable Signature, Certification, and
         Authentication",
  author =  "Ran Canetti",
  publisher =   "IEEE Computer Society",
  year =    "2004",
  bibdate = "2004-09-09",
  bibsource =   "DBLP,
         http://dblp.uni-trier.de/db/conf/csfw/csfw2004.html#Canetti04",
  booktitle =   "CSFW",
  crossref =    "conf/csfw/2004",
  ISBN =    "0-7695-2169-X",
  pages =   "219",
  URL =     "http://doi.ieeecomputersociety.org/10.1109/CSFW.2004.24",
}

@InProceedings{conf/tcc/DodisKSW09,
  title =   "Composability and On-Line Deniability of
             Authentication",
  author =  "Yevgeniy Dodis and Jonathan Katz and Adam Smith and
         Shabsi Walfish",
  bibdate = "2009-02-23",
  bibsource =   "DBLP,
         http://dblp.uni-trier.de/db/conf/tcc/tcc2009.html#DodisKSW09",
  booktitle =   "TCC",
  booktitle =   "Theory of Cryptography, 6th Theory of Cryptography
         Conference, {TCC} 2009, San Francisco, {CA}, {USA},
         March 15-17, 2009. Proceedings",
  publisher =   "Springer",
  year =    "2009",
  volume =  "5444",
  editor =  "Omer Reingold",
  ISBN =    "978-3-642-00456-8",
  pages =   "146--162",
  series =  "Lecture Notes in Computer Science",
  URL =     "http://dx.doi.org/10.1007/978-3-642-00457-5",
}

@InProceedings{Pass03,
  author =  "Pass",
  title =   "On Deniability in the Common Reference String and
         Random Oracle Model",
  booktitle =   "CRYPTO: Proceedings of Crypto",
  year =    "2003",
}

@Article{journals/tcs/YaoYZ09,
  title =   "A note on universal composable zero-knowledge in the
         common reference string model",
  author =  "Andrew Chi-Chih Yao and Frances F. Yao and Yunlei
         Zhao",
  journal = "Theor. Comput. Sci",
  year =    "2009",
  number =  "11",
  volume =  "410",
  bibdate = "2009-03-04",
  bibsource =   "DBLP,
         http://dblp.uni-trier.de/db/journals/tcs/tcs410.html#YaoYZ09",
  pages =   "1099--1108",
  URL =     "http://dx.doi.org/10.1016/j.tcs.2008.10.027",
}

@Misc{ cryptoeprint:2006:465,
	author = "Ran Canetti",
	title = "Security and Composition of Cryptographic Protocols: A Tutorial",
	howpublished = "Cryptology ePrint Archive, Report 2006/465",
	year = "2006",
	url = "http://eprint.iacr.org/"
}

@misc{UC:completo,
    author = {Ran Canetti},
    title = {Universally Composable Security: A New Paradigm for Cryptographic Protocols},
    howpublished = {Cryptology ePrint Archive, Report 2000/067},
    year = {2000},
    note = {\url{http://eprint.iacr.org/}},
}

@Article{dolev_yao,
  author =  "D. Dolev and A. Yao",
  title =   "On the security of public-key protocols",
  journal = "IEEE Transactions on Information Theory",
  year =    "1983",
  volume =  "2",
  number =  "29",
}
